@article{Li2024,
  title = {An evaluation of common stock assessment diagnostic tools for choosing among state-space models with multiple random effects processes},
  author = {Li, Chengxue and Deroba, Jonathan J. and Miller, Timothy J. and Legault, Christopher M. and Perretti, Charles T.},
  journal = {Fisheries Research},
  volume = {273},
  pages = {106968},
  year = {2024},
  doi = {10.1016/j.fishres.2024.106968}
}

@article{Deroba2016,
  title={Correct in theory but wrong in practice: Bias caused by using a lognormal distribution to penalize annual recruitments in fish stock assessment models},
  author={Deroba, Jonathan J and Miller, Timothy J},
  journal={Fisheries Research},
  volume={176},
  pages={86--93},
  year={2016},
  publisher={Elsevier}
}

@article{Thorson2016,
  title={Implementing a generic method for bias correction in statistical models using random effects, with spatial and population dynamics examples},
  author={Thorson, James T and Kristensen, Kasper},
  journal={Fisheries Research},
  volume={175},
  pages={66--74},
  year={2016},
  publisher={Elsevier}
}

@article{Methot2011,
  title={Adjusting for bias due to variability of estimated recruitments in fishery assessment models},
  author={Methot, Richard D and Taylor, Ian G},
  journal={Canadian Journal of Fisheries and Aquatic Sciences},
  volume={68},
  number={10},
  pages={1744--1760},
  year={2011},
  publisher={NRC Research Press}
}

@article{Liljestrand2024,
  title={The effect of process variability and data quality on performance of a state-space stock assessment model},
  author={Liljestrand, Emily M and Bence, James R and Deroba, Jonathan J},
  journal={Fisheries Research},
  volume={275},
  pages={107023},
  year={2024},
  publisher={Elsevier}
}

@article{Miller2018,
  title={Evaluating evidence for alternative natural mortality and process error assumptions using a state-space, age-structured assessment model},
  author={Miller, Timothy J and Hyun, Saang-Yoon},
  journal={Canadian Journal of Fisheries and Aquatic Sciences},
  volume={75},
  number={5},
  pages={691--703},
  year={2018},
  publisher={NRC Research Press}
}

@article{Trijoulet2020,
  title={Performance of a state-space multispecies model: What are the consequences of ignoring predation and process errors in stock assessments?},
  author={Trijoulet, Vanessa and Fay, Gavin and Miller, Timothy J},
  journal={Journal of Applied Ecology},
  volume={57},
  number={1},
  pages={121--135},
  year={2020},
  publisher={Wiley Online Library}
}

@article{Auger2016,
  title={State-space models’ dirty little secrets: even simple linear Gaussian models can have estimation problems},
  author={Auger-M{\'e}th{\'e}, Marie and Field, Chris and Albertsen, Christoffer M and Derocher, Andrew E and Lewis, Mark A and Jonsen, Ian D and Mills Flemming, Joanna},
  journal={Scientific reports},
  volume={6},
  number={1},
  pages={26677},
  year={2016},
  publisher={Nature Publishing Group UK London}
}

@article{Stock2021,
  title={The Woods Hole Assessment Model (WHAM): a general state-space assessment framework that incorporates time-and age-varying processes via random effects and links to environmental covariates},
  author={Stock, Brian C and Miller, Timothy J},
  journal={Fisheries Research},
  volume={240},
  pages={105967},
  year={2021},
  publisher={Elsevier}
}

@article{Fisch2023,
  title={Process and sampling variance within fisheries stock assessment models: estimability, likelihood choice, and the consequences of incorrect specification},
  author={Fisch, N and Shertzer, K and Camp, E and Maunder, M and Ahrens, R},
  journal={ICES Journal of Marine Science},
  volume={80},
  number={8},
  pages={2125--2149},
  year={2023},
  publisher={Oxford University Press}
}

@article{Nielsen2014,
  title={Estimation of time-varying selectivity in stock assessments using state-space models},
  author={Nielsen, Anders and Berg, Casper W},
  journal={Fisheries Research},
  volume={158},
  pages={96--101},
  year={2014},
  publisher={Elsevier}
}

@article{Cadigan2015,
  title={A state-space stock assessment model for northern cod, including under-reported catches and variable natural mortality rates},
  author={Cadigan, Noel G},
  journal={Canadian Journal of Fisheries and Aquatic Sciences},
  volume={73},
  number={2},
  pages={296--308},
  year={2015},
  publisher={NRC Research Press}
}

@article{Thorson2019,
  title={Perspective: Let’s simplify stock assessment by replacing tuning algorithms with statistics},
  author={Thorson, James T},
  journal={Fisheries Research},
  volume={217},
  pages={133--139},
  year={2019},
  publisher={Elsevier}
}

@article{Thorson2015,
  title={Random effect estimation of time-varying factors in Stock Synthesis},
  author={Thorson, James T and Hicks, Allan C and Methot, Richard D},
  journal={ICES Journal of Marine Science},
  volume={72},
  number={1},
  pages={178--185},
  year={2015},
  publisher={Oxford University Press}
}

@article{Maunder2019,
  title={Modeling temporal variation in recruitment in fisheries stock assessment: a review of theory and practice},
  author={Maunder, Mark N and Thorson, James T},
  journal={Fisheries Research},
  volume={217},
  pages={71--86},
  year={2019},
  publisher={Elsevier}
}

@article{Morley2018,
  title={Measures of model performance based on the log accuracy ratio},
  author={Morley, Steven Karl and Brito, Thiago Vasconcelos and Welling, Daniel T},
  journal={Space Weather},
  volume={16},
  number={1},
  pages={69--88},
  year={2018},
  publisher={Wiley Online Library}
}

@article{Deroba2015,
  title={Simulation testing the robustness of stock assessment models to error: some results from the ICES strategic initiative on stock assessment methods},
  author={Deroba, JJ and Butterworth, Doug S and Methot Jr, RD and De Oliveira, JAA and Fernandez, C and Nielsen, Anders and Cadrin, SX and Dickey-Collas, M and Legault, CM and Ianelli, J and others},
  journal={ICES Journal of Marine Science},
  volume={72},
  number={1},
  pages={19--30},
  year={2015},
  publisher={Oxford University Press}
}

@article{aldrin2020,
  title={The specification of the data model part in the SAM model matters},
  author={Aldrin, M and Tvete, Ingunn Fride and Aanes, Sondre and Subbey, Samuel},
  journal={Fisheries Research},
  volume={229},
  pages={105585},
  year={2020},
  publisher={Elsevier}
}

@techreport{nefmc2023flounder,
  author      = {{NEFMC Scientific and Statistical Committee}},
  title       = {Transboundary Resources Assessment Committee (TRAC) Assessments for Eastern Georges Bank Cod and Haddock, and Georges Bank Yellowtail Flounder},
  institution = {New England Fishery Management Council},
  year        = {2023},
  address     = {Newburyport, MA},
  note        = {Meeting Report, September 12-14, 2023}
}

@techreport{nefsc2019haddock,
  author      = {{Northeast Fisheries Science Center}},
  title       = {65th Northeast Regional Stock Assessment Workshop (SAW 65) Assessment Report},
  institution = {Northeast Fisheries Science Center},
  year        = {2019},
  address     = {Woods Hole, MA},
  type        = {NEFSC Reference Document},
  number      = {19-01}
}

@techreport{nefsc2021mackerel,
  author      = {{Northeast Fisheries Science Center}},
  title       = {2021 Management Track Assessments: Atlantic Mackerel},
  institution = {Mid-Atlantic Fishery Management Council, Scientific and Statistical Committee},
  year        = {2021},
  note        = {Contained within the Report of the 2021 Management Track Assessment Peer Review Panel}
}